@article{becker2008a,
  author = {Steffen Becker and Heiko Koziolek and Ralf Reussner},
  title = {{The Palladio Component Model for Model-driven Performance Prediction}},
  journal = {Journal of Systems and Software},
  year = {2009},
  volume = {82},
  pages = {3--22},
  doi = {10.1016/j.jss.2008.03.066},
  publisher = {Elsevier Science Inc.},
  url = {http://dx.doi.org/10.1016/j.jss.2008.03.066}
}

@article{mittelbach2014,
  author = {Frank Mittelbach},
  title = {How to influence the position of float environments like figure and table in \LaTeX?},
  journal = {TUGboat},
  year = {2014},
  volume = {35},
  pages = {248--254},
  url = {https://www.latex-project.org/publications/tb111mitt-float.pdf},
}

@misc{friederich_dos, 
  title={Machine Learning Reactivity in the Chemical Space Surrounding Vaska's Complex}, 
  url={https://chemrxiv.org/articles/preprint/Machine_Learning_Reactivity_in_the_Chemical_Space_Surrounding_Vaska_s_Complex/10347566/1}, 
  DOI={10.26434/chemrxiv.10347566.v1}, 
  abstractNote={Machine learning models, including neural networks, Bayesian optimization, gradient boosting and Gaussian processes, were trained with DFT data for the accurate, affordable and explainable prediction of hydrogen activation barriers in the chemical space surrounding Vaska's complex.}, 
  publisher={ChemRxiv}, 
  author={Friederich, Pascal and dos Passos Gomes, Gabriel and De Bin, Riccardo and Aspuru-Guzik, Alan and Balcells, David}, 
  year={2019}, 
  month={Nov} 
} 

@article{Bart_k_2013,
   title={On representing chemical environments},
   volume={87},
   ISSN={1550-235X},
   url={http://dx.doi.org/10.1103/PhysRevB.87.184115},
   DOI={10.1103/physrevb.87.184115},
   number={18},
   journal={Physical Review B},
   publisher={American Physical Society (APS)},
   author={Bartók, Albert P. and Kondor, Risi and Csányi, Gábor},
   year={2013},
   month={May}
}

@article{dscribe,
  author = {Himanen, Lauri and J{\"a}ger, Marc O.~J. and Morooka, Eiaki V. and Federici Canova, Filippo and Ranawat, Yashasvi S. and Gao, David Z. and Rinke, Patrick and Foster, Adam S.},
  title = {{DScribe: Library of descriptors for machine learning in materials science}},
  journal = {Computer Physics Communications},
  volume = {247},
  pages = {106949},
  year = {2020},
  doi = {10.1016/j.cpc.2019.106949},
  url = {https://doi.org/10.1016/j.cpc.2019.106949},
  issn = {0010-4655}
}